<record><leader>00000cas a2200000 a 4500</leader><controlfield tag="001">10581493</controlfield><controlfield tag="008">840331d18451906ohucr ne      0    0eng c</controlfield><datafield ind1=" " ind2=" " tag="010"><subfield code="a">sn 84028174 </subfield></datafield><datafield ind1=" " ind2=" " tag="040"><subfield code="a">NPY</subfield><subfield code="b">eng</subfield><subfield code="c">NPY</subfield><subfield code="d">NPX</subfield><subfield code="d">DLC</subfield><subfield code="d">NPU</subfield><subfield code="d">ONP</subfield><subfield code="d">NVF</subfield><subfield code="d">NVK</subfield><subfield code="d">OCL</subfield><subfield code="d">DLC</subfield><subfield code="d">OCLCQ</subfield><subfield code="d">OCLCF</subfield><subfield code="d">OCLCO</subfield></datafield><datafield ind1="1" ind2=" " tag="029"><subfield code="a">AU@</subfield><subfield code="b">000020121173</subfield></datafield><datafield ind1=" " ind2=" " tag="042"><subfield code="a">pcc</subfield></datafield><datafield ind1=" " ind2=" " tag="043"><subfield code="a">n-us-oh</subfield></datafield><datafield ind1="0" ind2="0" tag="050"><subfield code="a">Newspaper 9320</subfield></datafield><datafield ind1="0" ind2=" " tag="130"><subfield code="a">Painesville telegraph (Painesville, Ohio : 1845)</subfield></datafield><datafield ind1="1" ind2="4" tag="245"><subfield code="a">The Painesville telegraph.</subfield></datafield><datafield ind1=" " ind2=" " tag="260"><subfield code="a">Painesville [Ohio] :</subfield><subfield code="b">H.C. Gray,</subfield><subfield code="c">1845-1906.</subfield></datafield><datafield ind1=" " ind2=" " tag="300"><subfield code="a">v.</subfield></datafield><datafield ind1=" " ind2=" " tag="310"><subfield code="a">Semiweekly,</subfield><subfield code="b">Nov. 21, 1905-1906</subfield></datafield><datafield ind1=" " ind2=" " tag="321"><subfield code="a">Weekly,</subfield><subfield code="b">1845-Nov. 16, 1905</subfield></datafield><datafield ind1="0" ind2=" " tag="362"><subfield code="a">Vol. 11, no. 43 (Oct. 22, 1845)-85th year, no. 5 (Dec. 28, 1906).</subfield></datafield><datafield ind1=" " ind2=" " tag="500"><subfield code="a">Whig, 1845-1854; Republican, 1855-1906.</subfield></datafield><datafield ind1=" " ind2=" " tag="500"><subfield code="a">"For the defense of general democratic principles and the diffusion of general intelligence."</subfield></datafield><datafield ind1=" " ind2=" " tag="500"><subfield code="a">"When the press compromises truth it ceases to be the guardian of liberty."</subfield></datafield><datafield ind1=" " ind2=" " tag="530"><subfield code="a">Available on microfilm from Bell &amp; Howell, and the Library of Congress, Photoduplication Service.</subfield></datafield><datafield ind1=" " ind2=" " tag="580"><subfield code="a">Daily eds.: Daily telegraph news, &lt;&gt;-1861, and: Daily telegraph (Painesville, Ohio), 1861-&lt;&gt;, and: Evening telegraph (Painesville, Ohio), 1892-1906.</subfield></datafield><datafield ind1=" " ind2="0" tag="651"><subfield code="a">Painesville (Ohio)</subfield><subfield code="v">Newspapers.</subfield></datafield><datafield ind1=" " ind2="0" tag="651"><subfield code="a">Lake County (Ohio)</subfield><subfield code="v">Newspapers.</subfield></datafield><datafield ind1=" " ind2="7" tag="655"><subfield code="a">Newspapers.</subfield><subfield code="2">fast</subfield><subfield code="0">(OCoLC)fst01423814</subfield></datafield><datafield ind1=" " ind2="7" tag="651"><subfield code="a">Ohio</subfield><subfield code="z">Lake County.</subfield><subfield code="2">fast</subfield><subfield code="0">(OCoLC)fst01205662</subfield></datafield><datafield ind1=" " ind2="7" tag="651"><subfield code="a">Ohio</subfield><subfield code="z">Painesville.</subfield><subfield code="2">fast</subfield><subfield code="0">(OCoLC)fst01238531</subfield></datafield><datafield ind1=" " ind2=" " tag="752"><subfield code="a">United States</subfield><subfield code="b">Ohio</subfield><subfield code="c">Lake</subfield><subfield code="d">Painesville.</subfield></datafield><datafield ind1="1" ind2=" " tag="775"><subfield code="t">Daily telegraph news</subfield><subfield code="w">(DLC)sn 85042618</subfield></datafield><datafield ind1="1" ind2=" " tag="775"><subfield code="t">Daily telegraph (Painesville, Ohio)</subfield><subfield code="w">(DLC)sn 85042619</subfield></datafield><datafield ind1="1" ind2=" " tag="775"><subfield code="t">Evening telegraph (Painesville, Ohio)</subfield><subfield code="w">(DLC)sn 84028187</subfield></datafield><datafield ind1="0" ind2="0" tag="780"><subfield code="t">Telegraph (Painesville, Ohio : 1842)</subfield><subfield code="w">(DLC)sn 84028173</subfield></datafield><datafield ind1="0" ind2="5" tag="780"><subfield code="t">Press and advertiser</subfield><subfield code="g">1861</subfield><subfield code="w">(DLC)sn 84028177</subfield></datafield><datafield ind1="0" ind2="7" tag="785"><subfield code="t">Painesville Republican (Painesville, Ohio : 1902)</subfield><subfield code="w">(DLC)sn 84028184</subfield></datafield><datafield ind1="0" ind2="7" tag="785"><subfield code="t">Painesville telegraph and Painesville Republican</subfield><subfield code="w">(DLC)sn 84028185</subfield></datafield></record>